<record><leader>00000cas a22000007a 4500</leader><controlfield tag="001">32908024</controlfield><controlfield tag="008">950802d19501951txuwr ne      0    0eng d</controlfield><controlfield tag="009">6576</controlfield><datafield ind1=" " ind2=" " tag="010"><subfield code="a">sn 95078916 </subfield></datafield><datafield ind1=" " ind2=" " tag="040"><subfield code="a">PPM</subfield><subfield code="b">eng</subfield><subfield code="c">PPM</subfield><subfield code="d">OCL</subfield></datafield><datafield ind1="1" ind2=" " tag="029"><subfield code="a">AU@</subfield><subfield code="b">000011904022</subfield></datafield><datafield ind1=" " ind2=" " tag="042"><subfield code="a">msc</subfield></datafield><datafield ind1="0" ind2="4" tag="245"><subfield code="a">The Bryson news.</subfield></datafield><datafield ind1=" " ind2=" " tag="260"><subfield code="a">Bryson, Jack Co., Tex. :</subfield><subfield code="b">G.C. Lee and F.E. Forgy,</subfield></datafield><datafield ind1=" " ind2=" " tag="300"><subfield code="a">v.</subfield></datafield><datafield ind1=" " ind2=" " tag="310"><subfield code="a">Weekly</subfield></datafield><datafield ind1="0" ind2=" " tag="362"><subfield code="a">Vol. 1, no. 1 (May 5, 1950)- .</subfield></datafield><datafield ind1="1" ind2=" " tag="362"><subfield code="a">Ceased in 1951.</subfield></datafield><datafield ind1=" " ind2=" " tag="752"><subfield code="a">United States</subfield><subfield code="b">Texas</subfield><subfield code="c">Jack</subfield><subfield code="d">Bryson.</subfield></datafield><datafield ind1="0" ind2="4" tag="785"><subfield code="t">Jack County herald</subfield><subfield code="w">(DLC)sn 87090783</subfield></datafield></record>